@misc{BickEtal07,
	author = {I Bicking and B G{\'{a}}bor and {Python Packaging Authority}},
	howpublished = {\url{https://github.com/pypa/virtualenv}},
	month = {September},
	title = {{v}irtualenv: Virtual {P}ython {E}nvironment builder},
	year = {2007}}

@misc{Chatify,
	author = {{Chatify~Team}},
	howpublished = {\url{https://github.com/ContextLab/chatify}},
	month = {July},
	title = {Chatify: {A} {J}upyter extension for adding LLM-driven chatbots to interactive notebooks},
	year = {2023},
	doi = {10.5281/zenodo.8152315}}

@misc{Neuromatch,
	author = {{Neuromatch~Team}},
	howpublished = {\url{https://compneuro.neuromatch.io/}},
	month = {July},
	publisher = {Online},
	title = {{Neuromatch Academy: A free, online, and hands-on computational neuroscience school}},
	year = {2023}}

@article{MannEtal23,
	author = {J R Manning and E C Whitaker and P C Fitzpatrick and M R Lee and A M Frantz and B J Bollinger and D Romanova and C E Field and A C Heusser},
	journal = {{PsyArXiv}},
	pages = {doi.org/10.31234/osf.io/erzfp},
	title = {Feature and order manipulations in a free recall task affect memory for current and future lists},
	year = {2023}}

@article{OwenMann23,
	author = {L L W Owen and J R Manning},
	journal = {{bioRxiv}},
	pages = {doi.org/10.1101/2023.03.17.53315},
	title = {High-level cognition is supported by information-rich but compressible brain activity patterns},
	year = {2023}}

@article{ZimaEtal23,
	author = {K Ziman and M R Lee and A R Martinez and E D Adner and J R Manning},
	journal = {{PsyArXiv}},
	title = {Category-based and location-based volitional covert attention affect memory at different timescales},
	volume = {doi.org/10.31234/osf.io/2ps6e},
	year = {2023}}

@article{PimeEtal19,
	author = {J F Pimentel and L Murta and V Braganholo and J Freire},
	journal = {{IEEE} International Conference on Mining Software Repositories},
	pages = {507--517},
	title = {A large-scale study about quality and reproducibility of {Jupyter} notebooks},
	volume = {16},
	year = {2019}}

@book{vanR95,
	author = {Guido {van Rossum}},
	force = {True},
	publisher = {Centrum voor Wiskunde en Informatica Amsterdam},
	title = {{Python} reference manual},
	volume = {111},
	year = {1995}}

@misc{Pyth03,
	author = {{Python Software Foundation}},
	force = {True},
	howpublished = {\url{https://pypi.org}},
	publisher = {Python Software Foundation},
	title = {The {P}ython {P}ackage {I}ndex ({PyPI})},
	year = {2003}}

@misc{cond15,
	author = {{Conda-forge~community}},
	doi = {10.5281/zenodo.4774217},
	force = {True},
	howpublished = {\url{https://doi.org/10.5281/zenodo.4774217}},
	month = {July},
	publisher = {Zenodo},
	title = {{The conda-forge Project: Community-based Software Distribution Built on the conda Package Format and Ecosystem}},
	year = {2015}}

@techreport{CoghStuf13,
	author = {Nick Coghlan and Donald Stufft},
	institution = {{Python} Software Foundation},
	month = {March},
	number = {440},
	title = {Version {I}dentification and {D}ependency {S}pecification},
	type = {PEP},
	year = {2013}}

@techreport{CannEtal16,
	author = {Brett Cannon and Nathaniel Smith and Donald Stufft},
	institution = {Python Software Foundation},
	month = {May},
	number = {518},
	title = {Specifying {M}inimum {B}uild {S}ystem {R}equirements for {Python} {P}rojects},
	type = {PEP},
	year = {2016}}

@misc{Anac12,
	author = {{Anaconda, Inc.}},
	force = {True},
	howpublished = {\url{https://docs.conda.io}},
	title = {{conda}},
	year = {2012}}

@misc{Eust19,
	author = {S{\'{e}}bastien Eustace},
	howpublished = {\url{https://github.com/python-poetry/poetry}},
	month = {December},
	title = {Poetry: {Python} packaging and dependency management made easy},
	year = {2019}}

@inproceedings{KluyEtal16,
	address = {Netherlands},
	author = {Thomas Kluyver and Benjamin Ragan-Kelley and Fernando P{\'e}rez and Brian Granger and Matthias Bussonnier and Jonathan Frederic and Kyle Kelley and Jessica Hamrick and Jason Grout and Sylvain Corlay and Paul Ivanov and Dami{\'a}n Avila and Safia Abdalla and Carol Willing},
	booktitle = {Positioning and Power in Academic Publishing: Players, Agents and Agendas},
	doi = {10.3233/978-1-61499-649-1-87},
	editor = {Fernando Loizides and Birgit Scmidt},
	pages = {87--90},
	publisher = {{IOS} Press},
	title = {Jupyter {N}otebooks -- a publishing format for reproducible computational workflows},
	year = {2016}}

@article{Gold74,
	author = {Robert P Goldberg},
	journal = {Computer},
	number = {6},
	pages = {34--45},
	publisher = {{IEEE}},
	title = {Survey of virtual machine research},
	volume = {7},
	year = {1974}}

@article{AltiEtal05,
	author = {Y Altintas and C Brecher and M Weck and S Witt},
	doi = {https://doi.org/10.1016/S0007-8506(07)60022-5},
	journal = {{CIRP} Annals},
	number = {2},
	pages = {115--138},
	title = {Virtual {M}achine {T}ool},
	volume = {54},
	year = {2005}}

@inproceedings{Rose99,
	author = {Mendel Rosenblum},
	booktitle = {{IEEE} Hot Chips Symposium},
	force = {True},
	pages = {185--196},
	publisher = {{IEEE}},
	title = {{VMware's Virtual Platform: A virtual machine monitor for commodity PCs}},
	year = {1999}}

@article{Merk14,
	author = {Dirk Merkel},
	journal = {Linux Journal},
	month = {March},
	number = {2},
	pages = {2},
	title = {Docker: lightweight linux containers for consistent development and deployment},
	volume = {239},
	year = {2014}}

@article{KurtEtal17,
	author = {Gregory M Kurtzer and Vanessa Sochat and Michael W Bauer},
	journal = {{PLoS} One},
	number = {5},
	pages = {e0177459},
	publisher = {Public Library of Science San Francisco, {CA} {USA}},
	title = {Singularity: {S}cientific containers for mobility of compute},
	volume = {12},
	year = {2017}}

@book{Mart98,
	author = {G R R Martin},
	month = {November},
	publisher = {Voyager Books},
	series = {A Song of Ice and Fire},
	title = {A {C}lash of {K}ings},
	year = {1998}}

@article{PereGran07,
	author = {F P{\'e}rez and B E Granger},
	doi = {10.1109/MCSE.2007.53},
	journal = {Computing in {s}cience and {e}ngineering},
	number = {3},
	pages = {21--29},
	title = {I{P}ython: a system for interactive scientific computing},
	volume = {9},
	year = {2007}}

@techreport{vanREtal14,
	author = {Guido {van Rossum} and Jukka Lehtosalo and {\L}ukasz Langa},
	institution = {Python Software Foundation},
	month = {September},
	number = {484},
	title = {Type {Hints}},
	type = {PEP},
	year = {2014}}

@misc{TorvHama05,
	author = {Linus Torvalds and Junio Hamano},
	howpublished = {\url{https://git.kernel.org/pub/scm/git/git.git}},
	month = {April},
	title = {Git: {F}ast version control system},
	year = {2005}}

@inproceedings{McKi10,
	author = {Wes McKinney},
	booktitle = {Proceedings of the 9th {Python} in Science Conference},
	doi = {10.25080/Majora-92bf1922-00a},
	editor = {St\'efan van der Walt and Jarrod Millman},
	pages = {56--61},
	title = {Data {S}tructures for {S}tatistical {C}omputing in {P}ython},
	year = {2010}}

@article{PedrEtal11,
	author = {F Pedregosa and G Varoquaux and A Gramfort and V Michel and B Thirion and O Grisel and M Blondel and P Prettenhofer and R Weiss and V Dubourg and J Vanderplas and A Passos and D Cournapeau and M Brucher and M Perrot and E Duchesnay},
	journal = {Journal of Machine Learning Research},
	pages = {2825--2830},
	title = {Scikit-learn: machine learning in {P}ython},
	volume = {12},
	year = {2011}}

@misc{Varo10,
	author = {Ga\"{e}l Varoquaux},
	howpublished = {\url{https://github.com/joblib/joblib}},
	month = {July},
	title = {Joblib: {C}omputing with {P}ython functions},
	year = {2010}}

@article{HarrEtal20,
	author = {Charles R Harris and K Jarrod Millman and St{\'{e}}fan J van der Walt and Ralf Gommers and Pauli Virtanen and David Cournapeau and Eric Wieser and Julian Taylor and Sebastian Berg and Nathaniel J Smith and Robert Kern and Matti Picus and Stephan Hoyer and Marten H van Kerkwijk and Matthew Brett and Allan Haldane and Jaime Fern{\'{a}}ndez del R{\'{i}}o and Mark Wiebe and Pearu Peterson and Pierre G{\'{e}}rard-Marchant and Kevin Sheppard and Tyler Reddy and Warren Weckesser and Hameer Abbasi and Christoph Gohlke and Travis E Oliphant},
	doi = {10.1038/s41586-020-2649-2},
	journal = {Nature},
	number = {7825},
	pages = {357--362},
	title = {Array programming with {NumPy}},
	volume = {585},
	year = {2020}}

@misc{AbadEtal15,
	author = {Mart\'{i}n~Abadi and Ashish~Agarwal and Paul~Barham and Eugene~Brevdo and Zhifeng~Chen and Craig~Citro and Greg~S.~Corrado and Andy~Davis and Jeffrey~Dean and Matthieu~Devin and Sanjay~Ghemawat and Ian~Goodfellow and Andrew~Harp and Geoffrey~Irving and Michael~Isard and Yangqing Jia and Rafal~Jozefowicz and Lukasz~Kaiser and Manjunath~Kudlur and Josh~Levenberg and Dandelion~Man\'{e} and Rajat~Monga and Sherry~Moore and Derek~Murray and Chris~Olah and Mike~Schuster and Jonathon~Shlens and Benoit~Steiner and Ilya~Sutskever and Kunal~Talwar and Paul~Tucker and Vincent~Vanhoucke and Vijay~Vasudevan and Fernanda~Vi\'{e}gas and Oriol~Vinyals and Pete~Warden and Martin~Wattenberg and Martin~Wicke and Yuan~Yu and Xiaoqiang~Zheng},
	force = {True},
	note = {Software available from tensorflow.org},
	title = {{TensorFlow: Large-Scale Machine Learning on Heterogeneous Systems}},
	url = {https://www.tensorflow.org/},
	year = {2015}}

@article{McInEtal18b,
	author = {L McInnes and J Healy and N Saul and L Gro{\ss}berger},
	doi = {https://doi.org/10.21105/joss.00861},
	journal = {Journal of Open Source Software},
	number = {29},
	pages = {861},
	title = {{UMAP}: {U}niform {M}anifold {A}pproximation and {P}rojection},
	volume = {3},
	year = {2018}}

@article{Hunt07,
	author = {J D Hunter},
	doi = {10.1109/MCSE.2007.55},
	journal = {Computing in Science and Engineering},
	number = {3},
	pages = {90--95},
	title = {Matplotlib: A {2D} graphics environment},
	volume = {9},
	year = {2007}}

@article{Wask21,
	author = {Michael L Waskom},
	doi = {10.21105/joss.03021},
	journal = {Journal of Open Source Software},
	number = {60},
	pages = {3021},
	title = {{s}eaborn: statistical data visualization},
	volume = {6},
	year = {2021}}

@article{HeusEtal17,
	author = {A C Heusser and P C Fitzpatrick and C E Field and K Ziman and J R Manning},
	journal = {Journal of Open Source Software},
	title = {Quail: a {Python} toolbox for analyzing and plotting free recall data},
	volume = {10.21105/joss.00424},
	year = {2017}}

@misc{FredEtal15,
	author = {J Frederic and J Grout and {Jupyter Widgets Contributors}},
	force = {True},
	howpublished = {\url{https://github.com/jupyter-widgets/ipywidgets}},
	month = {August},
	title = {{ipywidgets: Interactive Widgets for the Jupyter Notebook}},
	year = {2015}}

@misc{daCoEtal22,
	author = {Casper da Costa-Luis and Stephen Karl Larroque and Kyle Altendorf and Hadrien Mary and richardsheridan and Mikhail Korobov and Noam Raphael and Ivan Ivanov and Marcel Bargull and Nishant Rodrigues and Guangshuo Chen and Antony Lee and Charles Newey and CrazyPython and {JC} and Martin Zugnoni and Matthew D. Pagel and mjstevens777 and Mikhail Dektyarev and Alex Rothberg and Alexander Plavin and Daniel Panteleit and Fabian Dill and FichteFoll and Gregor Sturm and HeoHeo and Hugo van Kemenade and Jack McCracken and MapleCCC and Max Nordlund},
	doi = {10.5281/zenodo.595120},
	force = {True},
	howpublished = {\url{https://github.com/tqdm/tqdm}},
	month = {September},
	title = {{tqdm}: A {F}ast, {E}xtensible {P}rogress {B}ar for {P}ython and {CLI}},
	year = {2022}}

@article{BleiEtal03,
	author = {D M Blei and A Y Ng and M I Jordan},
	journal = {Journal of Machine Learning Research},
	pages = {993--1022},
	title = {Latent dirichlet allocation},
	volume = {3},
	year = {2003}}

@misc{Mann21d,
	author = {J R Manning},
	doi = {10.5281/zenodo.5182775},
	howpublished = {\url{https://github.com/ContextLab/storytelling-with-data}},
	month = {June},
	publisher = {Zenodo},
	title = {Storytelling with {D}ata},
	year = {2021}}

@misc{Mann22,
	author = {Jeremy Manning},
	doi = {10.5281/zenodo.6596762},
	force = {True},
	howpublished = {\url{https://github.com/ContextLab/experimental-psychology/tree/v1.0}},
	month = {May},
	publisher = {Zenodo},
	title = {{ContextLab/experimental-psychology: v1.0 (Spring, 2022)}},
	year = {2022}}

@misc{Mann21e,
	author = {J R Manning},
	doi = {10.5281/zenodo.7261831},
	force = {True},
	howpublished = {\url{https://github.com/ContextLab/abstract2paper}},
	month = {June},
	title = {{abstract2paper}},
	year = {2021}}

@article{GaoEtal20,
	author = {Gao, Leo and Biderman, Stella and Black, Sid and Golding, Laurence and Hoppe, Travis and Foster, Charles and Phang, Jason and He, Horace and Thite, Anish and Nabeshima, Noa and Presser, Shawn and Leahy, Connor},
	force = {True},
	journal = {{arXiv} preprint ar{X}iv:2101.00027},
	title = {{The Pile: An 800GB Dataset of Diverse Text for Language Modeling}},
	year = {2020}}

@misc{BlacEtal21,
	author = {Black, Sid and Gao, Leo and Wang, Phil and Leahy, Connor and Biderman, Stella},
	force = {True},
	howpublished = {\url{http://github.com/eleutherai/gpt-neo}},
	title = {{GPT-Neo: Large Scale Autoregressive Language Modeling with Mesh-Tensorflow}},
	version = {1.0},
	year = {2021}}

@article{HeusEtal18a,
	author = {A C Heusser and K Ziman and L L W Owen and J R Manning},
	journal = {Journal of Machine Learning Research},
	number = {152},
	pages = {1--6},
	title = {{HyperTools}: a {Python} toolbox for gaining geometric insights into high-dimensional data},
	volume = {18},
	year = {2018}}

@techreport{Shan20,
	author = {M Shannon},
	institution = {Python Software Foundation},
	month = {September},
	number = {638},
	title = {Syntactic {M}acros},
	type = {Draft PEP},
	year = {2020}}
