@article{HarrEtal20,
	author = {Charles R. Harris and K. Jarrod Millman and St{\'{e}}fan J. van der Walt and Ralf Gommers and Pauli Virtanen and David Cournapeau and Eric Wieser and Julian Taylor and Sebastian Berg and Nathaniel J. Smith and Robert Kern and Matti Picus and Stephan Hoyer and Marten H. van Kerkwijk and Matthew Brett and Allan Haldane and Jaime Fern{\'{a}}ndez del R{\'{i}}o and Mark Wiebe and Pearu Peterson and Pierre G{\'{e}}rard-Marchant and Kevin Sheppard and Tyler Reddy and Warren Weckesser and Hameer Abbasi and Christoph Gohlke and Travis E. Oliphant},
	journal = {Nature},
	number = {7825},
	pages = {357--362},
	title = {Array programming with {NumPy}},
	volume = {585},
	year = {2020}}

@article{Hunt07,
	author = {J D Hunter},
	journal = {Computing in Science and Engineering},
	number = {3},
	pages = {90--95},
	title = {Matplotlib: A {2D} graphics environment},
	volume = {9},
	year = {2007}}

@inproceedings{KluyEtal16,
	address = {Netherlands},
	author = {Thomas Kluyver and Benjamin Ragan-Kelley and Fernando P{\'e}rez and Brian Granger and Matthias Bussonnier and Jonathan Frederic and Kyle Kelley and Jessica Hamrick and Jason Grout and Sylvain Corlay and Paul Ivanov and Dami{\'a}n Avila and Safia Abdalla and Carol Willing},
	booktitle = {Positioning and Power in Academic Publishing: Players, Agents and Agendas},
	editor = {Fernando Loizides and Birgit Scmidt},
	pages = {97--90},
	publisher = {IOS Press},
	title = {Jupyter Notebooks -- a publishing format for reproducible computational workflows.},
	year = {2016}}

@misc{Mann21a,
    author = {J. R. Manning},
    title = {{abstract2paper}},
    year = {2021},
    publisher = {GitHub},
    journal = {GitHub repository},
    url = {https://github.com/ContextLab/abstract2paper}}

@misc{Mann21b,
    author = {J. R. Manning},
    title = {{Storytelling with Data}},
    month = {June},
    year = {2021},
    publisher = {Zenodo},
    version = {Spring (2021)},
    doi = {10.5281/zenodo.5182775},
    url = {https://doi.org/10.5281/zenodo.5182775}}

@inproceedings{McKi10,
	author = {W McKinney},
	booktitle = {Proceedings of the {Python} in Science Conference},
	pages = {51--56},
	title = {Data structures for statistical computing in {P}ython},
	year = {2010}}

@article{MullEtal15,
	author = {Muller, Eilif and Bednar, James A and Diesmann, Markus and Gewaltig, Marc-Oliver and Hines, Michael and Davison, Andrew P},
	journal = {Frontiers in Neuroinformatics},
	pages = {11},
	title = {Python in neuroscience},
	volume = {9},
	year = {2015}}

@article{PereGran07,
	author = {F P{\'e}rez and B E Granger},
	journal = {Computing in science \& engineering},
	number = {3},
	pages = {21--29},
	title = {IPython: a system for interactive scientific computing},
	volume = {9},
	year = {2007}}

@techreport{vanREtal14,
	author = {Guido {van Rossum} and Jukka Lehtosalo and {\L}ukasz Langa},
	month = {September},
	number = {484},
	title = {Type {Hints}},
	type = {PEP},
	year = {2014},
	url = {https://www.python.org/dev/peps/pep-0484}}

@article{VirtEtal20,
	author = {Virtanen, Pauli and Gommers, Ralf and Oliphant, Travis E. and Haberland, Matt and Reddy, Tyler and Cournapeau, David and Burovski, Evgeni and Peterson, Pearu and Weckesser, Warren and Bright, Jonathan and {van der Walt}, St{\'e}fan J. and Brett, Matthew and Wilson, Joshua and Millman, K. Jarrod and Mayorov, Nikolay and Nelson, Andrew R. J. and Jones, Eric and Kern, Robert and Larson, Eric and Carey, C J and Polat, {\.I}lhan and Feng, Yu and Moore, Eric W. and {VanderPlas}, Jake and Laxalde, Denis and Perktold, Josef and Cimrman, Robert and Henriksen, Ian and Quintero, E. A. and Harris, Charles R. and Archibald, Anne M. and Ribeiro, Ant{\^o}nio H. and Pedregosa, Fabian and {van Mulbregt}, Paul and {SciPy 1.0 Contributors}},
	journal = {Nature Methods},
	number = {3},
	pages = {261--272},
	title = {{{SciPy} 1.0: Fundamental Algorithms for Scientific Computing in Python}},
	volume = {17},
	year = {2020}}

@article{Wask21,
	author = {Michael L. Waskom},
	journal = {The Open Journal},
	number = {60},
	pages = {3021},
	title = {seaborn: statistical data visualization},
	volume = {6},
	year = {2021}}
